
@manual{nxp:tja1043,
    organization  = "Wireless-tag Technology Co.,Limited",
    title         = "WT8266[online]",
    year          =  2021,
    url           = {https://www.tme.com/Document/12266bdd8a30eeb152305461b089a151/WT8266-S1.pdf},
    note          = "[cit. 2021-03-2]"
}
@misc{WinNT,
    title = {{MS Windows NT} Kernel Description},
    howpublished = {\url{http://web.archive.org/web/20080207010024/http://www.808multimedia.com/winnt/kernel.htm}},
    note = {Accessed: 2010-09-30}
}